%%% examples/refs.bib (corrected titles with "n\textsuperscript{o}")
@article{art-1-complete-doi,
  author       = {Nguyen, Linh and Carter, Paul},
  title        = {Efficient Transformers for Time Series},
  journaltitle = {Journal of Predictive Modeling},
  date         = {2023},
  volume       = {14},
  number       = {2},
  pages        = {101-123},
  doi          = {10.5555/jpm.2023.014.002.101}
}

@article{art-2-missing-doi-has-url,

  author       = {Smith, Jane and Ortega, Luis},
  title        = {Conformal Prediction in Practice},
  journaltitle = {Applied Statistics Letters},
  date         = {2022},
  volume       = {9},
  number       = {1},
  pages        = {1-12},
  url          = {https://example.org/asl/conformal-prediction},
  urldate      = {2025-09-13}
}

@article{art-3-missing-author,

  title        = {Benchmark Results for Vision Mixers},
  journaltitle = {Computer Vision Trends},
  date         = {2024},
  volume       = {7},
  number       = {4},
  pages        = {55-60},
  doi          = {10.1000/cvt.2024.007004}
}

@article{mag-1-complete,

  author       = {Pereira, Camila},
  title        = {Robótica educacional ganha escala nas escolas},
  journaltitle = {Revista Educação Hoje},
  entrysubtype = {magazineonline},
  date         = {2025-05-12},
  note         = {Caderno Tecnologia},
  url          = {https://revista.exemplo/robotica-escolas},
  urldate      = {2025-09-13}
}

@article{mag-2-missing-url,

  author       = {Ramos, Tiago},
  title        = {Os bastidores da pesquisa aberta},
  journaltitle = {Revista Pesquisa Brasil},
  entrysubtype = {magazineonline},
  date         = {2024-10-03}
}

@article{news-1-complete,

  author       = {Diario Ejemplo},
  title        = {Universidades fortalecen programas de IA},
  journaltitle = {El Diario},
  entrysubtype = {newspaper},
  issue        = {Suplemento Educación},
  date         = {2025-04-20},
  pages        = {A3-A4},
  url          = {https://eldiario.example/ia-universidades},
  urldate      = {2025-09-13}
}

@article{news-2-missing-pages,

  author       = {López, Ana},
  title        = {Becas para ciencia de datos},
  journaltitle = {El Diario},
  entrysubtype = {newspaper},
  date         = {2024-09-10},
  url          = {https://eldiario.example/becas-datos},
  urldate      = {2025-09-13}
}

@article{dou-1-complete,

  title        = {Portaria n\textsuperscript{o} 123, de 10 de março de 2021},
  journaltitle = {Diário Oficial da União},
  entrysubtype = {dou},
  dousection   = {Seção 1},
  number       = {Edição 48},
  date         = {2021-03-10},
  pages        = {12},
  url          = {https://in.gov.br/web/dou/-/portaria-123-2021},
  urldate      = {2025-09-13}
}

@article{dou-2-missing-dousection,

  title        = {Despacho do Ministro},
  journaltitle = {Diário Oficial da União},
  entrysubtype = {dou},
  number       = {Edição Extra},
  date         = {2020-11-02},
  url          = {https://in.gov.br/web/dou/-/despacho-ministro},
  urldate      = {2025-09-13}
}

@report{rep-1-generic-complete,

  author       = {OECD},
  title        = {AI Adoption in Public Services},
  type         = {Report},
  organization = {OECD},
  institution  = {OECD},
  location     = {Paris},
  date         = {2024},
  doi          = {10.1787/ai-public-services.2024}
}

@report{rep-2-generic-missing-org,

  author       = {{World Data Institute}},
  title        = {Open Data Yearbook 2023},
  type         = {Yearbook},
  location     = {Geneva},
  date         = {2023},
  url          = {https://wdi.example/yearbook-2023},
  urldate      = {2025-09-13}
}

@report{edital-1-complete,

  title        = {Edital n\textsuperscript{o} 15/2025 — Projetos de IA},
  entrysubtype = {edital},
  institution  = {MEC},
  number       = {15/2025},
  location     = {Brasília},
  date         = {2025-08-30},
  modalidade   = {Chamada Pública},
  objeto       = {Fomento a projetos de IA aplicados à educação},
  url          = {https://www.gov.br/mec/edital-15-2025},
  urldate      = {2025-09-13}
}

@report{edital-2-missing-modalidade,

  title        = {Edital 02/2024 — Bolsas de Inovação},
  entrysubtype = {edital},
  institution  = {CNPq},
  number       = {02/2024},
  location     = {Brasília},
  date         = {2024-03-01},
  objeto       = {Concessão de bolsas},
  url          = {https://cnpq.example/edital-02-2024},
  urldate      = {2025-09-13}
}

@report{edital-3-missing-objeto,

  title        = {Edital 10/2023 — Infraestrutura de Pesquisa},
  entrysubtype = {edital},
  institution  = {FINEP},
  number       = {10/2023},
  location     = {Rio de Janeiro},
  date         = {2023-06-15},
  modalidade   = {Convênio},
  url          = {https://finep.example/edital-10-2023},
  urldate      = {2025-09-13}
}

@legislation{leg-1-complete,
  author = {Brasil},
  institution = {Presidência da República},
  title       = {Lei n\textsuperscript{o} 12.345, de 6 de junho de 2020},
  type        = {Lei},
  number      = {12.345},
  location    = {Brasil},
  date        = {2020-06-06},
  ementa      = {Dispõe sobre diretrizes gerais de pesquisa aberta.},
  url         = {https://www.planalto.gov.br/ccivil_03/_ato2019-2022/2020/lei/l12345.htm},
  urldate     = {2025-09-13}
}

@legislation{leg-2-missing-ementa,

  title       = {Decreto n\textsuperscript{o} 8.777, de 11 de maio de 2016},
  type        = {Decreto},
  number      = {8.777},
  location    = {Brasil},
  date        = {2016-05-11},
  url         = {https://www.planalto.gov.br/decreto-8777-2016},
  urldate     = {2025-09-13}
}

@book{book-1-complete,

  author    = {Goodfellow, Ian and Bengio, Yoshua and Courville, Aaron},
  title     = {Deep Learning},
  publisher = {MIT Press},
  location  = {Cambridge, MA},
  date      = {2016},
  edition   = {1},
  isbn      = {9780262035613},
  doi       = {10.7551/mitpress/10447.001.0001}
}

@book{book-2-missing-author-has-editor,

  editor    = {Doe, Jane},
  title     = {Handbook of Synthetic Data},
  publisher = {DataPress},
  location  = {New York},
  date      = {2024},
  edition   = {2},
  url       = {https://datapress.example/handbook-synth},
  urldate   = {2025-09-13}
}

@book{book-3-missing-publisher-location,

  author = {King, Robert},
  title  = {Understanding Causality},
  date   = {2020}
}

@incollection{incoll-1-complete,

  author     = {Garcia, Paula},
  title      = {Causal Graphs in Practice},
  booktitle  = {Advances in Causal Inference},
  editor     = {Smith, John and Liu, Mei},
  publisher  = {Springer},
  location   = {Cham},
  date       = {2023},
  edition    = {1},
  pages      = {33-58},
  doi        = {10.1007/978-3-031-00000-0_2}
}

@incollection{incoll-2-missing-editor,

  author     = {Hernandez, Maria},
  title      = {Sampling Under Constraints},
  booktitle  = {Modern Statistics},
  publisher  = {NorthPub},
  location   = {Boston},
  date       = {2022},
  pages      = {77-89},
  url        = {https://northpub.example/modern-stats},
  urldate    = {2025-09-13}
}

@inbook{inbook-1-complete,

  author     = {Pearl, Judea},
  title      = {On Mediation Analysis},
  booktitle  = {Causality},
  edition    = {2},
  publisher  = {Cambridge University Press},
  location   = {Cambridge},
  date       = {2009},
  pages      = {321-340}
}

@inbook{inbook-2-missing-edition,

  author     = {Miller, Kate},
  title      = {Appendix: Proofs},
  booktitle  = {Foundations of Learning},
  publisher  = {UniPress},
  location   = {Oxford},
  date       = {2021},
  pages      = {201-220},
  doi        = {10.1111/found.learn.2021.app}
}

@inproceedings{inproc-1-complete,

  author     = {Zhao, Lin and Costa, Renata},
  title      = {Streaming Anomaly Detection},
  booktitle  = {Proceedings of KDD},
  eventtitle = {KDD 2024},
  eventdate  = {2024-08-25/2024-08-29},
  publisher  = {ACM},
  location   = {Barcelona},
  date       = {2024},
  pages      = {120-131},
  doi        = {10.1145/xxxxxxx.xxxxxxx}
}

@inproceedings{inproc-2-missing-event,

  author     = {Oliveira, Bruno and Park, Sun},
  title      = {Robust Feature Selection},
  booktitle  = {Proceedings of ML Research},
  publisher  = {PMLR},
  location   = {New York},
  date       = {2023},
  url        = {https://proceedings.mlr.press/v200/oliveira23.html},
  urldate    = {2025-09-13}
}

@proceedings{proc-1-complete,

  editor     = {Klein, Tobias and Ruiz, Marta},
  title      = {Proceedings of the 10th Data Conf.},
  eventtitle = {DATA 2022},
  eventdate  = {2022-11-10/2022-11-12},
  publisher  = {SciPub},
  location   = {Berlin},
  date       = {2023},
  doi        = {10.2222/dataconf.2022}
}

@proceedings{proc-2-missing-event,

  editor     = {Huang, Wei},
  title      = {Frontiers of Analytics},
  publisher  = {Frontiers},
  location   = {Singapore},
  date       = {2024}
}

@thesis{thesis-1-complete,

  author      = {Rossi, Daniela},
  title       = {Explainable AI for Healthcare},
  type        = {PhD thesis},
  institution = {University of Example},
  location    = {London},
  date        = {2022},
  doi         = {10.9999/thesis.2022.001}
}

@thesis{thesis-2-missing-type-institution,

  author      = {Kim, Joon},
  title       = {Graph Embeddings at Scale},
  location    = {Seoul},
  date        = {2021},
  url         = {https://repo.example.ac.kr/theses/kim-2021},
  urldate     = {2025-09-13}
}

@standard{std-1-complete,

  title        = {Information security management},
  type         = {ISO/IEC},
  number       = {27001:2022},
  organization = {ISO/IEC},
  edition      = {2022},
  location     = {Geneva},
  date         = {2022},
  url          = {https://www.iso.org/standard/27001},
  urldate      = {2025-09-13}
}

@standard{std-2-missing-organization-number,

  title   = {Quality management systems — Requirements},
  type    = {ABNT NBR},
  date    = {2015},
  url     = {https://abnt.example/nbr-iso-9001},
  urldate = {2025-09-13}
}

@online{online-1-with-doi,

  author = {Example Foundation},
  title  = {Guidelines for Data Sharing},
  date   = {2025-02-01},
  doi    = {10.1234/gds.2025}
}

@online{online-2-url-only-no-date,

  title   = {Project Roadmap},
  url     = {https://project.example/roadmap},
  urldate = {2025-09-13}
}

@manual{manual-1-complete,

  organization = {Example Cloud Inc.},
  title        = {Example Cloud API Reference},
  edition      = {3},
  date         = {2024-12},
  url          = {https://docs.examplecloud.com/api},
  urldate      = {2025-09-13}
}

@manual{manual-2-missing-org,

  title  = {Command Line Reference},
  date   = {2023},
  url    = {https://docs.example.org/cli},
  urldate= {2025-09-13}
}

@dataset{dataset-1-complete-doi,

  author    = {Chen, Li and Souza, Rafael},
  title     = {Urban Mobility Trajectories v1.2},
  version   = {1.2},
  date      = {2024-06-01},
  doi       = {10.5281/zenodo.1234567}
}

@dataset{dataset-2-url-only,

  author  = {Open Transport Lab},
  title   = {Bus Headways Rio 2019-2021},
  url     = {https://opentransport.example/bus-headways},
  urldate = {2025-09-13}
}

@software{soft-1-complete,

  author     = {OpenAI},
  title      = {OpenAI Toolkit},
  version    = {1.4.2},
  date       = {2025-05-20},
  url        = {https://github.com/openai/toolkit},
  urldate    = {2025-09-13},
  license    = {MIT}
}

@software{soft-2-missing-version-date,

  author  = {DataLabs},
  title   = {DataCleaner},
  url     = {https://git.example/datalabs/datacleaner},
  urldate = {2025-09-13}
}

@patent{pat-1-complete,
  langid = {spanish},
  author = {Gomez, Lucia},
  title  = {Sistema de compresión de señal cardiaca},
  number = {ES1234567},
  holder = {BioSignal S.A.},
  location = {Madrid},
  date   = {2021-04-22},
  url    = {https://oepm.example/ES1234567}
}

@patent{pat-2-missing-holder,
  langid = {spanish},
  author = {Santos, Miguel},
  title  = {Método de calibración automática},
  number = {EP3456789},
  date   = {2020-01-10}
}

@video{video-1-complete,
  langid = {brazilian},
  author = {Almeida, Beatriz},
  title  = {Palestra: Ética em IA},
  series = {Ciclo de Palestras},
  number = {42},
  date   = {2023-10-03},
  url    = {https://www.youtube.com/watch?v=abc123},
  urldate= {2025-09-13}
}

@video{video-2-missing-author-has-org,

  organization = {Instituto Brasil de Dados},
  title        = {Seminário: Governança de Dados Públicos},
  date         = {2024-05-22},
  url          = {https://videos.example/ibd-governanca},
  urldate      = {2025-09-13}
}

@audio{audio-1-complete,
  langid = {spanish},
  author = {Radio Ciencia},
  title  = {Ética y transparencia algorítmica},
  series = {Ciencia Hoy},
  number = {58},
  date   = {2024-03-05},
  url    = {https://podcasts.example.org/episodio-58},
  urldate= {2025-09-13}
}

@audio{audio-2-missing-number,
  langid = {spanish},
  author = {DataCast},
  title  = {Privacidad diferencial en aplicaciones reales},
  series = {DataCast},
  date   = {2023-11-11},
  url    = {https://datacast.example/episodio-privacidad},
  urldate= {2025-09-13}
}

@artwork{art-obj-1-complete,

  author       = {Cartografía Abierta},
  title        = {Mapa interoperable de servicios},
  date         = {2020},
  location     = {Madrid},
  url          = {https://maps.example.org/servicios},
  urldate      = {2025-09-13},
  note         = {Licencia CC-BY 4.0}
}

@image{img-1-missing-author-has-org,

  organization = {Open Imagery},
  title        = {Urban Heat Map 2021},
  date         = {2021},
  location     = {New York},
  url          = {https://openimagery.example/uhm-2021},
  urldate      = {2025-09-13}
}

@pressrelease{press-1-complete,

  organization = {World Health Organization},
  title        = {WHO Announces New Initiative on AI in Health},
  date         = {2025-07-01},
  url          = {https://who.int/press/ai-health},
  urldate      = {2025-09-13}
}

@pressrelease{press-2-missing-url,

  organization = {UNESCO},
  title        = {Guidelines on Generative AI in Education},
  date         = {2024-09-20}
}

@letter{letter-1-complete,

  author    = {Brown, Alice},
  title     = {Letter of Recommendation},
  type      = {Letter},
  recipient = {Johnson, Mark},
  date      = {2022-01-15},
  url       = {https://letters.example/reco-brown-johnson},
  urldate   = {2025-09-13}
}

@letter{letter-2-missing-recipient,

  author = {Clark, Peter},
  title  = {Reference Letter},
  type   = {Letter},
  date   = {2021-05-08}
}

@unpublished{unpub-1-complete,

  author = {Foster, Emily},
  title  = {Slides: Bayesian Thinking},
  date   = {2023-04-11},
  url    = {https://slides.example/bayesian-thinking},
  urldate= {2025-09-13}
}

@unpublished{unpub-2-missing-date,

  author = {Lee, Michael},
  title  = {Notes on Nonparametric Methods},
  url    = {https://notes.example/nonparametric},
  urldate= {2025-09-13}
}

@interview{interv-1-complete,

  author     = {Siqueira, Joana},
  title      = {Entrevista sobre dados abertos},
  interviewer= {Mendes, Carlos},
  location   = {Rio de Janeiro},
  date       = {2024-02-20},
  url        = {https://entrevistas.example/joana-siqueira},
  urldate    = {2025-09-13}
}

@interview{interv-2-missing-interviewer,

  author   = {Pires, André},
  title    = {Governança e transparência},
  date     = {2023-08-05},
  url      = {https://entrevistas.example/andre-pires},
  urldate  = {2025-09-13}
}

@misc{misc-1-complete,

  author       = {Open Data Council},
  title        = {Policy Brief: Data Access Principles},
  date         = {2022-10},
  url          = {https://odc.example/policy-brief},
  urldate      = {2025-09-13}
}

@misc{misc-2-missing-author-date,

  title   = {Internal Memo on Anonymization},
  url     = {https://intranet.example/memo-anon},
  urldate = {2025-09-13}
}
